<record><leader>00000cas a22000007a 4500</leader><controlfield tag="001">41432663</controlfield><controlfield tag="008">990526c19999999flubr ne      0   b0spa c</controlfield><controlfield tag="009">467</controlfield><datafield ind1=" " ind2=" " tag="010"><subfield code="a">sn 99007386 </subfield></datafield><datafield ind1=" " ind2=" " tag="040"><subfield code="a">NSD</subfield><subfield code="b">eng</subfield><subfield code="c">NSD</subfield><subfield code="d">OCLCQ</subfield></datafield><datafield ind1=" " ind2=" " tag="012"><subfield code="l">1</subfield></datafield><datafield ind1="0" ind2=" " tag="022"><subfield code="a">1525-1535</subfield><subfield code="l">1525-1535</subfield><subfield code="2">1</subfield></datafield><datafield ind1=" " ind2=" " tag="037"><subfield code="b">La Nacio&#769;n Cubana, P.O. Box 114012, Miami, FL33111-4012</subfield><subfield code="c">$10.00</subfield></datafield><datafield ind1=" " ind2=" " tag="042"><subfield code="a">nsdp</subfield><subfield code="a">pcc</subfield></datafield><datafield ind1="0" ind2=" " tag="210"><subfield code="a">Nac. cuba.</subfield></datafield><datafield ind1=" " ind2="0" tag="222"><subfield code="a">La nacio&#769;n cubana</subfield></datafield><datafield ind1="0" ind2="3" tag="245"><subfield code="a">La nacio&#769;n cubana :</subfield><subfield code="b">el perio&#769;dico de los emigrados cubanos.</subfield></datafield><datafield ind1=" " ind2=" " tag="260"><subfield code="a">Miami, FL :</subfield><subfield code="b">La Nacio&#769;n Cubana,</subfield><subfield code="c">[1999-</subfield></datafield><datafield ind1=" " ind2=" " tag="300"><subfield code="a">v.</subfield></datafield><datafield ind1=" " ind2=" " tag="310"><subfield code="a">Biweekly</subfield></datafield><datafield ind1="0" ind2=" " tag="362"><subfield code="a">Vol. 1, no. 1 (abr. 1-15, 1999)-</subfield></datafield><datafield ind1=" " ind2=" " tag="752"><subfield code="a">United States</subfield><subfield code="b">Florida</subfield><subfield code="c">Dade</subfield><subfield code="d">Miami.</subfield></datafield></record>